@article{Yuan2008,
  title={Monotone finite volume schemes for diffusion equations on polygonal meshes},
  author={ Yuan, G.  and  Sheng, Z. },
  journal={Journal of Computational Physics},
  year={2008},
  pages={6288â€“6312},
}

@article{Sheng2008,
  title={A Nine Point Scheme for the Approximation of Diffusion Operators on Distorted Quadrilateral Meshes},
  author={ Sheng, Z.  and  Yuan, G. },
  journal={SIAM Journal on Scientific Computing},
  year={2008},
  volume={30},
  number={3},
  pages={1341-1361},
}